@misc{Adam,
  title = {Adam-to-do},
  year = {2022},
}

@misc{Matt,
  title = {Matt-to-do},
  year = {2022},
}
